<record><leader>00000cas a22000007a 4500</leader><controlfield tag="001">22724901</controlfield><controlfield tag="008">901121d19701977mauwr ne      0    0eng d</controlfield><datafield ind1=" " ind2=" " tag="010"><subfield code="a">sn 89062547 </subfield></datafield><datafield ind1=" " ind2=" " tag="040"><subfield code="a">MGN</subfield><subfield code="b">eng</subfield><subfield code="c">MGN</subfield><subfield code="d">OCLCQ</subfield></datafield><datafield ind1=" " ind2=" " tag="042"><subfield code="a">msc</subfield></datafield><datafield ind1="0" ind2=" " tag="130"><subfield code="a">Shopping news (Southbridge, Mass.)</subfield></datafield><datafield ind1="1" ind2="4" tag="245"><subfield code="a">The shopping news.</subfield></datafield><datafield ind1="3" ind2="0" tag="246"><subfield code="a">Evening news shopper</subfield></datafield><datafield ind1=" " ind2=" " tag="260"><subfield code="a">[Southbridge, Mass.] :</subfield><subfield code="b">Evening News</subfield></datafield><datafield ind1=" " ind2=" " tag="300"><subfield code="a">v.</subfield></datafield><datafield ind1=" " ind2=" " tag="310"><subfield code="a">Weekly</subfield></datafield><datafield ind1="0" ind2=" " tag="362"><subfield code="a">Vol. 13, no. 28 (May 14, 1970)-</subfield></datafield><datafield ind1="1" ind2=" " tag="362"><subfield code="a">Ceased Sept. 1977?</subfield></datafield><datafield ind1=" " ind2=" " tag="500"><subfield code="a">Published as: The evening news shopper, Feb. 20-Aug. 21, 1974.</subfield></datafield><datafield ind1=" " ind2=" " tag="580"><subfield code="a">Daily ed.: Evening news (Southbridge, Mass.), 1970-1977.</subfield></datafield><datafield ind1=" " ind2=" " tag="752"><subfield code="a">United States</subfield><subfield code="b">Massachusetts</subfield><subfield code="c">Worcester</subfield><subfield code="d">Southbridge.</subfield></datafield><datafield ind1="1" ind2=" " tag="775"><subfield code="t">Evening news (Southbridge, Mass.)</subfield><subfield code="w">(DLC)sn 89062539</subfield></datafield><datafield ind1="0" ind2="0" tag="780"><subfield code="t">Southbridge shopping news</subfield><subfield code="w">(DLC)sn 89062546</subfield></datafield><datafield ind1="0" ind2="0" tag="785"><subfield code="t">News plus</subfield><subfield code="w">(DLC)sn 89062550</subfield></datafield></record>